% This file was created with JabRef 2.10.
% Encoding: UTF-8


@Book{Brown2012,
  Title                    = {Reference Architecture Foundation for Service Oriented Architecture Version 1.0},
  Institution              = {OASIS Service Oriented Architecture Reference Model TC},
  Organization             = {OASIS},
  Author                   = {Brown, Peter and Estefan, Jeff A. and Laskey, Ken and McCabe, Francis G. and Thornton, Danny},
  Year                     = {2012},

  Owner                    = {florian},
  Timestamp                = {2017.01.25}
}

@Book{Erl2005,
  Title                    = {Service-Oriented Architecture (SOA) Concepts, Technology and Design},
  Author                   = {Thomas Erl},
  Publisher                = {Prentice Hall},
  Year                     = {2005},

  Owner                    = {florian},
  Timestamp                = {2017.01.16}
}

@InProceedings{Pautasso2008,
  Title                    = {RESTful Web Services vs. "Big" Web Services: Making the Right Architectural Decision},
  Author                   = {Cesare Pautasso and Olaf Zimmermann and Frank Leymann},
  Booktitle                = {Proc. of the 17th Int. Conf. on World Wide Web},
  Year                     = {2008},
  Organization             = {ACM},
  Pages                    = {805--814},

  Owner                    = {florian},
  Timestamp                = {2017.02.07}
}

